<?xml version="1.0" encoding="UTF-8"?><collection xmlns="http://www.loc.gov/MARC21/slim"><record><leader>00708nam--2200169-i-4500</leader><controlfield tag="001">000004399</controlfield><controlfield tag="002">20161230</controlfield><controlfield tag="005">20161230201025</controlfield><controlfield tag="008">060222s1000------------r-----000-0-eng-d</controlfield><datafield ind1=" " ind2=" " tag="040"><subfield code="a">IFIN-HH</subfield></datafield><datafield ind1=" " ind2=" " tag="080"><subfield code="a">53</subfield></datafield><datafield ind1="1" ind2=" " tag="100"><subfield code="a">Moore, Charlotte E</subfield></datafield><datafield ind1="1" ind2="0" tag="245"><subfield code="a">Atomic energy levels. as derived from the analyses of optical spectra. vol. ii. the spectra of chromium, manganese, iron, cobalt, nickel, cooper, zinc, gallium, germanium, arsenic, selenium, bromine, krypton, rubidium, strontium, yttrium, zirconium, and nIOBIUM. N.B.S. CIRCULAR 467</subfield><subfield code="c">Charlotte e. moore</subfield></datafield><datafield ind1=" " ind2=" " tag="260"><subfield code="a">Washington</subfield><subfield code="b">U.S.Government Printing Office</subfield><subfield code="c">1949</subfield></datafield><datafield ind1=" " ind2=" " tag="300"><subfield code="a">XXXI + 227 P</subfield></datafield><datafield ind1=" " ind2=" " tag="852"><subfield code="a">11102</subfield><subfield code="c">53.081</subfield></datafield><datafield ind1=" " ind2=" " tag="CAT"><subfield code="a">Sys</subfield><subfield code="c">20151110</subfield><subfield code="h">155516</subfield></datafield></record></collection>